@misc{SSLrules2016,
    author  = "Small Size League Technical Committee",
    title   = "Laws of the Robocup Small Size League 2016",
    year    = "2016",
    month   = "April",
    howpublished = "http://wiki.robocup.org/images/1/18/Small\_Size\_League\_-\_Rules\_2016.pdf",
    urldate = "01-07-2016"
}
@misc{chaisoskuba,
  title={Skuba 2011 Extended Team Description},
  author={Chaiso, Krit and Sukvichai, Kanjanapan}
}

@article{rojasForster06,
  author = "Raul Rojas and Gloye Förster",
  title = "Holonomic Control of a robot with an omnidirectional drive.",
  journal = "Künstliche Intelligenz, BöttcherlIT Verlag",
  year = "2006"

}
@misc{rojas05,
    author  = "Raul Rojas",
    title   = "{O}mnidirectional {C}ontrol",
    year    = "2005",
    month   = "May",
    howpublished = "\url {http://robocup.mi.fu-berlin.de/buch/omnidrive.pdf}",
    note = "Freie Universität Berlin"
}
@misc{sslWiki, 
    author = "Robocup-SSL",
    year = "2015",
    title = "Small Size League", 
    howpublished = "http://wiki.robocup.org/wiki/Small\_Size\_League.html",
    urldate = "15-06-2016",
}
@misc{rojasHist,
    author  = "Raul Rojas",
    year = "",
    title   = "{A} {S}hort {H}istory of {O}mnidirectional {W}heels",
    howpublished = "http://ftp.inf.fu-berlin.de/pub/Rojas/omniwheel/shortomni.pdf"
}
@book{Ulrich,
	author = "Karl T. Ulrich and Steven D. Eppinger",
	title = "Product Design and Development",
	year = "2008",
	publisher = "McGraw-Hill",
	edition = "fourth"
}
@misc{RobWeb,
  author = "{R}obocup",
  year = "1997",
  title = {{Robocup} Objective},
  howpublished = "http://www.robocup.org/about-robocup/objective/",
  urldate = "01-12-2015",
}
@inproceedings{houshangi1999omnibot,
  title={Omnibot mobile base for hazardous environment},
  author={Houshangi, Nasser and Lippitt, T},
  booktitle={Electrical and Computer Engineering, 1999 IEEE Canadian Conference on},
  volume={3},
  pages={1357--1361},
  year={1999},
  organization={IEEE}
}
@book{corke2011robotics,
  title={Robotics, Vision and Control: Fundamental Algorithms in MATLAB},
  author={Corke, P.},
  isbn={9783642201448},
  lccn={2011934624},
  series={Springer Tracts in Advanced Robotics},
  url={https://books.google.com.mx/books?id=6-kLBwAAQBAJ},
  year={2011},
  publisher={Springer Berlin Heidelberg}
}
@inproceedings{ashmore2002omni,
  title={Omni-drive robot motion on curved paths: The fastest path between two points is not a straight-line},
  author={Ashmore, Mark and Barnes, Nick},
  booktitle={Australian Joint Conference on Artificial Intelligence},
  pages={225--236},
  year={2002},
  organization={Springer}
}
@inproceedings{d2000cornell,
  title={The cornell robocup team},
  author={D’Andrea, Raffaello and Kalmar-Nagy, Tamas and Ganguly, Pritam and Babish, Michael},
  booktitle={Robot Soccer World Cup},
  pages={41--51},
  year={2000},
  organization={Springer}
}
@article{purwin2003cornell,
  title={Cornell Big Red 2003},
  author={Purwin, Oliver and D’Andrea, Raffaello},
  journal={Robocup},
  year={2003}
}
@article{borgolte1998architectural,
  title={Architectural concepts of a semi-autonomous wheelchair},
  author={Borgolte, Ulrich and Hoyer, Helmut and B{\"u}hler, Christian and Heck, Helmut and Hoelper, Ralf},
  journal={Journal of Intelligent and Robotic Systems},
  volume={22},
  number={3-4},
  pages={233--253},
  year={1998},
  publisher={Springer}
}
@article{aduascualictei2011practical,
  title={Practical applications for mobile robots based on mecanum wheels-a systematic survey},
  author={Ad{\u{a}}sc{\u{a}}li{\c{t}}ei, Florentina and Doroftei, Ioan},
  journal={Gh. Asachi Technical University of Iasi, Mechanical Engineering Faculty, Theory of Mechanisms and Robotics Department, B-dul D. Mangeron},
  pages={61--63},
  year={2011}
}